<?xml version="1.0" encoding="UTF-8"?><record xmlns="http://www.loc.gov/MARC21/slim" xmlns:cinclude="http://apache.org/cocoon/include/1.0" xmlns:zs="http://www.loc.gov/zing/srw/">
  <leader>00644cz  a2200157n  4500</leader>
  <controlfield tag="001">n  83123507 </controlfield>
  <controlfield tag="003">DLC</controlfield>
  <controlfield tag="005">20140630085109.0</controlfield>
  <controlfield tag="008">831011n| azannaab           |n aaa      </controlfield>
  <datafield tag="010" ind1=" " ind2=" ">
    <subfield code="a">n  83123507 </subfield>
    <subfield code="z">n 2008002429</subfield>
    <subfield code="z">n 2008002480</subfield>
  </datafield>
  <datafield tag="040" ind1=" " ind2=" ">
    <subfield code="a">DLC</subfield>
    <subfield code="b">eng</subfield>
    <subfield code="e">rda</subfield>
    <subfield code="c">DLC</subfield>
    <subfield code="d">DLC</subfield>
  </datafield>
  <datafield tag="100" ind1="1" ind2=" ">
    <subfield code="a">Ádám, Antal,</subfield>
    <subfield code="d">1930-</subfield>
  </datafield>
  <datafield tag="670" ind1=" " ind2=" ">
    <subfield code="a">Mit kell tudni Magyarországról? (a.e.)</subfield>
    <subfield code="b">verso t.p. (Dr. Ádám Antal)</subfield>
  </datafield>
  <datafield tag="670" ind1=" " ind2=" ">
    <subfield code="a">LC data base, 8-3-83</subfield>
    <subfield code="b">(hdg.: Ádám, Antal, 1930- )</subfield>
  </datafield>
  <datafield tag="670" ind1=" " ind2=" ">
    <subfield code="a">Országos Széchényi Könyvtár Web OPAC, Jan. 11, 2008</subfield>
    <subfield code="b">(Ádám Antal, (1930-))</subfield>
  </datafield>
  <datafield tag="670" ind1=" " ind2=" ">
    <subfield code="a">LCCN 2004615777: Jubileumi tanulmányok 40, 1985</subfield>
    <subfield code="b">(usage: Ádám Antal)</subfield>
  </datafield>
</record>